<?xml version="1.0" encoding="UTF-8"?><collection xmlns="http://www.loc.gov/MARC21/slim"><record><leader>00423nam--2200157-i-4500</leader><controlfield tag="001">000043384</controlfield><controlfield tag="002">20161230</controlfield><controlfield tag="005">20170304152626</controlfield><controlfield tag="008">060222s1000------------r-----000-0-eng-d</controlfield><datafield ind1=" " ind2=" " tag="080"><subfield code="a">621.384.634</subfield></datafield><datafield ind1=" " ind2=" " tag="245"><subfield code="a">Synchrotron radiation appendix the daresbury annual report 1988/89</subfield></datafield><datafield ind1=" " ind2=" " tag="260"><subfield code="a">Warrington</subfield><subfield code="b">Serg Daresbury Lab</subfield><subfield code="c">1989</subfield></datafield><datafield ind1=" " ind2=" " tag="300"><subfield code="a">178 p</subfield></datafield><datafield ind1=" " ind2=" " tag="700"><subfield code="a">Blake, R. J</subfield></datafield><datafield ind1=" " ind2=" " tag="852"><subfield code="a">72809</subfield></datafield><datafield ind1=" " ind2=" " tag="CAT"><subfield code="a">SYS</subfield><subfield code="c">20170304</subfield><subfield code="h">152626</subfield></datafield></record></collection>